<?xml version="1.0" encoding="UTF-8"?>
<collection><record><leader>01173cam a2200301   4500</leader><controlfield tag="005">20200810123417.0</controlfield><controlfield tag="008">730920s1974    nyu    j      001 0 eng  </controlfield><controlfield tag="001">9922753953506421</controlfield><datafield tag="010" ind1=" " ind2=" "><subfield code="a">   73016445 /AC </subfield></datafield><datafield tag="020" ind1=" " ind2=" "><subfield code="a">0525354603</subfield><subfield code="0">(uri) http://www.isbnsearch.org/isbn/0525354603</subfield></datafield><datafield tag="035" ind1=" " ind2=" "><subfield code="a">(OCoLC)ocm00714324</subfield><subfield code="0">(uri) http://www.worldcat.org/oclc/00714324</subfield></datafield><datafield tag="035" ind1=" " ind2=" "><subfield code="9">CKL2919TS</subfield></datafield><datafield tag="035" ind1=" " ind2=" "><subfield code="a">2275395</subfield></datafield><datafield tag="035" ind1=" " ind2=" "><subfield code="a">(NjP)2275395-princetondb</subfield></datafield><datafield tag="040" ind1=" " ind2=" "><subfield code="a">DLC</subfield><subfield code="c">DLC</subfield><subfield code="d">PUL</subfield></datafield><datafield tag="050" ind1="0" ind2=" "><subfield code="a">PS591.N4</subfield><subfield code="b">A29</subfield></datafield><datafield tag="082" ind1=" " ind2=" "><subfield code="a">811/.5/08</subfield></datafield><datafield tag="100" ind1="1" ind2=" "><subfield code="a">Adoff, Arnold,</subfield><subfield code="e">comp.</subfield><subfield code="0">http://id.loc.gov/authorities/names/n79007257</subfield><subfield code="0">(uri) http://id.loc.gov/authorities/names/n79007257</subfield><subfield code="0">(uri) http://viaf.org/viaf/sourceID/LC|n79007257</subfield></datafield><datafield tag="245" ind1="1" ind2="0"><subfield code="a">My Black me:</subfield><subfield code="b">a beginning book of Black poetry.</subfield></datafield><datafield tag="250" ind1=" " ind2=" "><subfield code="a">[1st ed.]</subfield></datafield><datafield tag="260" ind1=" " ind2=" "><subfield code="a">New York,</subfield><subfield code="b">Dutton</subfield><subfield code="c">[1974]</subfield></datafield><datafield tag="300" ind1=" " ind2=" "><subfield code="a">xii, 83 p.</subfield><subfield code="c">24 cm.</subfield></datafield><datafield tag="520" ind1=" " ind2=" "><subfield code="a">A compilation of poems reflecting thoughts on being black by such authors as Langston Hughes, Lucille Clifton, Nikki Giovanni, and Imamu Amiri Baraka.</subfield></datafield><datafield tag="650" ind1=" " ind2="0"><subfield code="a">American poetry</subfield><subfield code="x">African American authors.</subfield><subfield code="0">http://id.loc.gov/authorities/subjects/sh85004389</subfield><subfield code="0">(uri) http://id.loc.gov/authorities/subjects/sh85004389</subfield></datafield><datafield tag="650" ind1=" " ind2="1"><subfield code="a">American poetry</subfield><subfield code="x">African American authors.</subfield><subfield code="0">http://id.loc.gov/authorities/subjects/sh85004389</subfield><subfield code="0">(uri) http://id.loc.gov/authorities/subjects/sh85004389</subfield></datafield><datafield tag="650" ind1=" " ind2="1"><subfield code="a">African Americans</subfield><subfield code="x">Poetry.</subfield><subfield code="0">http://id.loc.gov/authorities/subjects/sh2007100202</subfield></datafield><datafield tag="740" ind1="0" ind2=" "><subfield code="a">Black poetry.</subfield></datafield><datafield tag="947" ind1=" " ind2=" "><subfield code="a">CEL2659</subfield></datafield><datafield tag="911" ind1=" " ind2=" "><subfield code="a">19990626</subfield></datafield><datafield tag="950" ind1=" " ind2=" "><subfield code="b">2020-12-02 17:16:54 US/Eastern</subfield><subfield code="a">false</subfield></datafield></record>