<record><leader>01504cam a2200397Ia 4500</leader><controlfield tag="005">20210201123853.0</controlfield><controlfield tag="008">980819s1997    ko a          000 0 kor d</controlfield><controlfield tag="001">99104863943506421</controlfield><datafield tag="020" ind1=" " ind2=" "><subfield code="a">8973371649</subfield><subfield code="0">(uri) http://www.isbnsearch.org/isbn/8973371649</subfield></datafield><datafield tag="020" ind1=" " ind2=" "><subfield code="a">9788973371648</subfield><subfield code="0">(uri) http://www.isbnsearch.org/isbn/9788973371648</subfield></datafield><datafield tag="035" ind1=" " ind2=" "><subfield code="a">(OCoLC)ocm39719447</subfield><subfield code="0">(uri) http://www.worldcat.org/oclc/39719447</subfield></datafield><datafield tag="035" ind1=" " ind2=" "><subfield code="a">10486394</subfield></datafield><datafield tag="035" ind1=" " ind2=" "><subfield code="a">(OCoLC)39719447</subfield><subfield code="0">(uri) http://www.worldcat.org/oclc/39719447</subfield></datafield><datafield tag="035" ind1=" " ind2=" "><subfield code="a">(NjP)10486394-princetondb</subfield></datafield><datafield tag="040" ind1=" " ind2=" "><subfield code="a">CSL</subfield><subfield code="b">eng</subfield><subfield code="c">CSL</subfield><subfield code="d">CUY</subfield><subfield code="d">OCLCQ</subfield><subfield code="d">OCLCF</subfield><subfield code="d">PUL</subfield></datafield><datafield tag="049" ind1=" " ind2=" "><subfield code="a">PULL</subfield></datafield><datafield tag="050" ind1=" " ind2="4"><subfield code="a">PL992.62.N64</subfield><subfield code="b">N63 1997</subfield></datafield><datafield tag="100" ind1="1" ind2=" "><subfield code="6">880-01</subfield><subfield code="a">Pak, No-hae,</subfield><subfield code="e">author.</subfield><subfield code="0">http://id.loc.gov/authorities/names/n86071188</subfield><subfield code="0">(uri) http://id.loc.gov/authorities/names/n86071188</subfield><subfield code="0">(uri) http://viaf.org/viaf/sourceID/LC|n86071188</subfield></datafield><datafield tag="880" ind1="1" ind2=" "><subfield code="6">100-01</subfield><subfield code="a">박 노해,</subfield><subfield code="e">author.</subfield></datafield><datafield tag="245" ind1="1" ind2="0"><subfield code="6">880-02</subfield><subfield code="a">Nodong ŭi saebyŏk :</subfield><subfield code="b">Pak No-hae sijip.</subfield></datafield><datafield tag="880" ind1="1" ind2="0"><subfield code="6">245-02</subfield><subfield code="a">노동 의 새벽 :</subfield><subfield code="b">박 노해 詩集.</subfield></datafield><datafield tag="250" ind1=" " ind2=" "><subfield code="6">880-03</subfield><subfield code="a">Ch'op'an.</subfield></datafield><datafield tag="880" ind1=" " ind2=" "><subfield code="6">250-03</subfield><subfield code="a">초판.</subfield></datafield><datafield tag="260" ind1=" " ind2=" "><subfield code="6">880-04</subfield><subfield code="a">Sŏul-si :</subfield><subfield code="b">Haenaem,</subfield><subfield code="c">1997.</subfield></datafield><datafield tag="880" ind1=" " ind2=" "><subfield code="6">260-04</subfield><subfield code="a">서울시 :</subfield><subfield code="b">해냄,</subfield><subfield code="c">1997.</subfield></datafield><datafield tag="300" ind1=" " ind2=" "><subfield code="a">176 pages :</subfield><subfield code="b">illustrations ;</subfield><subfield code="c">22 cm</subfield></datafield><datafield tag="336" ind1=" " ind2=" "><subfield code="a">text</subfield><subfield code="b">txt</subfield><subfield code="2">rdacontent</subfield></datafield><datafield tag="337" ind1=" " ind2=" "><subfield code="a">unmediated</subfield><subfield code="b">n</subfield><subfield code="2">rdamedia</subfield></datafield><datafield tag="338" ind1=" " ind2=" "><subfield code="a">volume</subfield><subfield code="b">nc</subfield><subfield code="2">rdacarrier</subfield></datafield><datafield tag="650" ind1=" " ind2="0"><subfield code="a">Working class</subfield><subfield code="v">Poetry.</subfield><subfield code="0">(uri) http://id.loc.gov/authorities/subjects/sh2008113717</subfield></datafield><datafield tag="650" ind1=" " ind2="0"><subfield code="a">Work</subfield><subfield code="v">Poetry.</subfield><subfield code="0">(uri) http://id.loc.gov/authorities/subjects/sh85148133</subfield></datafield><datafield tag="650" ind1=" " ind2="7"><subfield code="a">Working class.</subfield><subfield code="0">(OCoLC)fst01939166</subfield><subfield code="2">fast</subfield><subfield code="0">(uri) http://id.worldcat.org/fast/fst01180418</subfield></datafield><datafield tag="655" ind1=" " ind2="7"><subfield code="a">Poetry.</subfield><subfield code="2">fast</subfield><subfield code="0">(OCoLC)fst01423828</subfield><subfield code="0">(uri) http://id.loc.gov/authorities/genreForms/gf2014026481</subfield><subfield code="0">(uri) http://id.worldcat.org/fast/fst01423828</subfield></datafield><datafield tag="655" ind1=" " ind2="7"><subfield code="a">Poetry.</subfield><subfield code="2">lcgft</subfield><subfield code="0">http://id.loc.gov/authorities/genreForms/gf2014026481</subfield><subfield code="0">(uri) http://id.loc.gov/authorities/genreForms/gf2014026481</subfield><subfield code="0">(uri) http://id.worldcat.org/fast/fst01423828</subfield></datafield><datafield tag="902" ind1=" " ind2=" "><subfield code="a">fk</subfield><subfield code="s">fk</subfield><subfield code="b">m</subfield><subfield code="6">a</subfield><subfield code="7">m</subfield><subfield code="d">v</subfield><subfield code="f">1</subfield><subfield code="e">20171103</subfield></datafield><datafield tag="994" ind1=" " ind2=" "><subfield code="a">C0</subfield><subfield code="b">PUL</subfield></datafield><datafield tag="950" ind1=" " ind2=" "><subfield code="c">2021-02-01 12:38:53 US/Eastern</subfield><subfield code="b">2020-12-02 17:01:05 US/Eastern</subfield><subfield code="a">false</subfield></datafield><datafield tag="852" ind1="0" ind2=" "><subfield code="b">recap</subfield><subfield code="c">pa</subfield><subfield code="h">PL992.62.N64</subfield><subfield code="i">N63 1997</subfield><subfield code="8">22209555190006421</subfield></datafield><datafield tag="952" ind1=" " ind2=" "><subfield code="a">2020-12-02 22:01:05</subfield><subfield code="8">22209555190006421</subfield><subfield code="b">ReCAP</subfield><subfield code="c">rcppa RECAP</subfield><subfield code="e">false</subfield></datafield><datafield tag="876" ind1=" " ind2=" "><subfield code="0">22209555190006421</subfield><subfield code="a">23209555180006421</subfield><subfield code="j">1</subfield><subfield code="d">2020-12-02 22:01:05</subfield><subfield code="p">32101098148099</subfield><subfield code="t">0</subfield></datafield></record>