<record><leader>00096nam a2200049 i 4500</leader><controlfield tag="001">99121932813506421</controlfield><datafield tag="245" ind1="0" ind2="0"><subfield code="a">Host bibliographic record for boundwith item barcode 32101088359672</subfield></datafield><datafield tag="774" ind1="1" ind2=" "><subfield code="t">Alpaslanʾdan Atatürkʾe kadar Türk zaferlerleri ansiklopedisi</subfield><subfield code="w">996564853506421</subfield></datafield><datafield tag="774" ind1="1" ind2=" "><subfield code="t">Türkiyeʾde Şark, Garb ve Amerikan tesirleri</subfield><subfield code="w">996747563506421</subfield></datafield><datafield tag="774" ind1="1" ind2=" "><subfield code="t">Guida ragionata alle librerie antiquarie e d'occasione d'Italia, 1989 /</subfield><subfield code="w">9933506421</subfield></datafield><datafield tag="774" ind1="1" ind2=" "><subfield code="t">Türk gerilla tarihi</subfield><subfield code="w">998256713506421</subfield></datafield><datafield tag="774" ind1="1" ind2=" "><subfield code="t">Türk denizciliği</subfield><subfield code="w">998256723506421</subfield></datafield><datafield tag="774" ind1="1" ind2=" "><subfield code="t">Hurufi kafalılar</subfield><subfield code="w">998256733506421</subfield></datafield><datafield tag="774" ind1="1" ind2=" "><subfield code="t">Türk-Nippon dostluğunun sonrasız hâtırası Ertuğrul.</subfield><subfield code="w">996750493506421</subfield></datafield><datafield tag="774" ind1="1" ind2=" "><subfield code="t">Yüz fıkra yüz tarih</subfield><subfield code="w">992129953506421</subfield></datafield><datafield tag="774" ind1="1" ind2=" "><subfield code="t">Türkiyenin 1945 den sonraki dış politika gelişmeleri Orta doğu meseleleri /</subfield><subfield code="w">995692333506421</subfield></datafield><datafield tag="774" ind1="1" ind2=" "><subfield code="t">Tarihte Türk-Alman dostluk ilişkileri</subfield><subfield code="w">998257553506421</subfield></datafield><datafield tag="774" ind1="1" ind2=" "><subfield code="t">Garp görüşüyle bir tarzda teşkilâtlanmamız lüzumu hakkında açık mektup</subfield><subfield code="w">996708933506421</subfield></datafield><datafield tag="774" ind1="1" ind2=" "><subfield code="t">Tarih boyunca Macar-Türk bagları</subfield><subfield code="w">992184243506421</subfield></datafield><datafield tag="774" ind1="1" ind2=" "><subfield code="t">Montaigne, penseur et philosophe (1588-1988) : actes du Congrès de littérature française tenu en ouverture à l'année de la francophonie les 20, 21 et 22 mars 1989 à Dakar /</subfield><subfield code="w">996348603506421</subfield></datafield><datafield tag="950" ind1=" " ind2=" "><subfield code="b">2020-12-02 02:21:38 US/Eastern</subfield><subfield code="a">false</subfield></datafield><datafield tag="852" ind1="8" ind2="1"><subfield code="b">recap</subfield><subfield code="c">pf</subfield><subfield code="h">MICROFILM 11417</subfield><subfield code="8">2213009620006421</subfield></datafield><datafield tag="866" ind1=" " ind2="0"><subfield code="z">Positive service copy.</subfield><subfield code="8">2213009620006421</subfield></datafield><datafield tag="952" ind1=" " ind2=" "><subfield code="a">2020-12-02 07:21:38</subfield><subfield code="8">2213009620006421</subfield><subfield code="b">ReCAP</subfield><subfield code="c">rcppf RECAP Microforms</subfield><subfield code="e">false</subfield></datafield><datafield tag="876" ind1=" " ind2=" "><subfield code="0">2213009620006421</subfield><subfield code="a">2313009610006421</subfield><subfield code="j">0</subfield><subfield code="d">2020-12-02 07:21:38</subfield><subfield code="p">32101088359672</subfield><subfield code="t">1</subfield></datafield></record>