<record><leader>03291cam a2200493Ii 4500</leader><controlfield tag="005">20200701221551.0</controlfield><controlfield tag="008">140911s2014    cc ac         001 0 chi d</controlfield><controlfield tag="001">9988620553506421</controlfield><datafield tag="035" ind1=" " ind2=" "><subfield code="a">(OCoLC)ocn891015546</subfield><subfield code="0">(uri) http://www.worldcat.org/oclc/891015546</subfield></datafield><datafield tag="035" ind1=" " ind2=" "><subfield code="a">8862055</subfield></datafield><datafield tag="035" ind1=" " ind2=" "><subfield code="a">(OCoLC)891015546</subfield><subfield code="0">(uri) http://www.worldcat.org/oclc/891015546</subfield></datafield><datafield tag="035" ind1=" " ind2=" "><subfield code="a">(NjP)8862055-princetondb</subfield></datafield><datafield tag="040" ind1=" " ind2=" "><subfield code="a">CNPIT</subfield><subfield code="b">eng</subfield><subfield code="e">rda</subfield><subfield code="c">CNPIT</subfield><subfield code="d">NjP</subfield></datafield><datafield tag="020" ind1=" " ind2=" "><subfield code="a">9787514817652</subfield><subfield code="0">(uri) http://www.isbnsearch.org/isbn/9787514817652</subfield></datafield><datafield tag="020" ind1=" " ind2=" "><subfield code="a">7514817654</subfield><subfield code="0">(uri) http://www.isbnsearch.org/isbn/7514817654</subfield></datafield><datafield tag="041" ind1="1" ind2=" "><subfield code="a">chi</subfield><subfield code="a">eng</subfield><subfield code="h">chi</subfield></datafield><datafield tag="050" ind1=" " ind2="4"><subfield code="a">PL2303</subfield></datafield><datafield tag="100" ind1="1" ind2=" "><subfield code="6">880-01</subfield><subfield code="a">Zhu, Ziqiang,</subfield><subfield code="d">1957-</subfield><subfield code="e">author.</subfield><subfield code="0">http://id.loc.gov/authorities/names/no2012097098</subfield><subfield code="0">(uri) http://id.loc.gov/authorities/names/no2012097098</subfield><subfield code="0">(uri) http://viaf.org/viaf/sourceID/LC|no2012097098</subfield></datafield><datafield tag="245" ind1="1" ind2="0"><subfield code="6">880-02</subfield><subfield code="a">Huang jin shi dai de Zhongguo er tong wen xue =</subfield><subfield code="b">Chinese children's literature in the golden age /</subfield><subfield code="c">Zhu Ziqiang zhu ; Xu Derong, Liang Daohua, He Qingmei, Li Xiaoqian yi ; Kelaodiya Ni'ersen Ying wen shen yi.</subfield></datafield><datafield tag="246" ind1="3" ind2="1"><subfield code="a">Chinese children's literature in the golden age</subfield></datafield><datafield tag="246" ind1="1" ind2=" "><subfield code="i">On copyright page:</subfield><subfield code="a">Huang jin shi dai de Zhong guo er tong wen xue</subfield></datafield><datafield tag="250" ind1=" " ind2=" "><subfield code="6">880-03</subfield><subfield code="a">Di 1 ban.</subfield></datafield><datafield tag="264" ind1=" " ind2="1"><subfield code="6">880-04</subfield><subfield code="a">Beijing :</subfield><subfield code="b">Zhongguo shao nian er tong chu ban she,</subfield><subfield code="c">2014.</subfield></datafield><datafield tag="300" ind1=" " ind2=" "><subfield code="a">220 pages :</subfield><subfield code="b">color illustrations, portraits ;</subfield><subfield code="c">27 cm</subfield></datafield><datafield tag="336" ind1=" " ind2=" "><subfield code="a">text</subfield><subfield code="2">rdacontent</subfield></datafield><datafield tag="337" ind1=" " ind2=" "><subfield code="a">unmediated</subfield><subfield code="2">rdamedia</subfield></datafield><datafield tag="338" ind1=" " ind2=" "><subfield code="a">volume</subfield><subfield code="2">rdacarrier</subfield></datafield><datafield tag="500" ind1=" " ind2=" "><subfield code="a">"English translation edited by Claudia Nelson."</subfield></datafield><datafield tag="500" ind1=" " ind2=" "><subfield code="a">Includes index.</subfield></datafield><datafield tag="500" ind1=" " ind2=" "><subfield code="3">Cotsen copy:</subfield><subfield code="a">Author's signature and handwritten note, dated June 23, 2014, on free end paper.</subfield><subfield code="5">NjP</subfield></datafield><datafield tag="505" ind1="0" ind2=" "><subfield code="6">880-05</subfield><subfield code="a">Xu yan -- Di 1 bu fen. Huan xiang er tong wen xue de yan jin -- Di 2 bu fen. Xie shi er tong xiao shuo de shou huo -- Di 3 bu fen. Du te de er tong shi ge -- Di 4 bu fen. Yuan chuang tu hua shu de xing qi -- Jie yu.</subfield></datafield><datafield tag="541" ind1="1" ind2=" "><subfield code="c">Gift;</subfield><subfield code="a">Zhu Ziqiang, author of the book;</subfield><subfield code="d">20140623.</subfield><subfield code="5">NjP</subfield></datafield><datafield tag="546" ind1=" " ind2=" "><subfield code="a">In Chinese and English.</subfield></datafield><datafield tag="650" ind1=" " ind2="0"><subfield code="a">Children's literature, Chinese</subfield><subfield code="x">History and criticism.</subfield><subfield code="0">http://id.loc.gov/authorities/subjects/sh2009119217</subfield><subfield code="0">(uri) http://id.loc.gov/authorities/subjects/sh2009119217</subfield></datafield><datafield tag="700" ind1="1" ind2=" "><subfield code="a">Nelson, Claudia,</subfield><subfield code="e">editor.</subfield><subfield code="0">(uri) http://id.loc.gov/authorities/names/n90704298</subfield><subfield code="0">(uri) http://viaf.org/viaf/sourceID/LC|n90704298</subfield></datafield><datafield tag="700" ind1="1" ind2="2"><subfield code="a">Zhu, Ziqiang,</subfield><subfield code="d">1957-</subfield><subfield code="t">Huang jin shi dai de Zhongguo er tong wen xue.</subfield><subfield code="0">http://id.loc.gov/authorities/names/no2012097098</subfield></datafield><datafield tag="700" ind1="1" ind2="2"><subfield code="a">Zhu, Ziqiang,</subfield><subfield code="d">1957-</subfield><subfield code="t">Huang jin shi dai de Zhongguo er tong wen xue.</subfield><subfield code="l">English.</subfield><subfield code="0">http://id.loc.gov/authorities/names/no2012097098</subfield></datafield><datafield tag="880" ind1="1" ind2=" "><subfield code="6">100-01</subfield><subfield code="a">朱自强,</subfield><subfield code="d">1957-</subfield><subfield code="e">author.</subfield></datafield><datafield tag="880" ind1="1" ind2="0"><subfield code="6">245-02</subfield><subfield code="a">黄金时代的中国儿童文学 =</subfield><subfield code="b">Chinese children's literature in the golden age /</subfield><subfield code="c">朱自强著 ; 徐德荣, 梁道华, 何青梅, 李孝谦译 ; 克劳迪娅·尼尔森英文审译.</subfield></datafield><datafield tag="880" ind1=" " ind2=" "><subfield code="6">250-03</subfield><subfield code="a">第1版.</subfield></datafield><datafield tag="880" ind1=" " ind2="1"><subfield code="6">264-04</subfield><subfield code="a">北京 :</subfield><subfield code="b">中国少年儿童出版社,</subfield><subfield code="c">2014.</subfield></datafield><datafield tag="880" ind1="0" ind2=" "><subfield code="6">505-05</subfield><subfield code="a">绪言 -- 第一部分. 幻想儿童文学的演进 -- 第二部分. 写实儿童小说的收获 -- 第三部分. 独特的儿童诗歌 -- 第四部分. 原创图画书的兴起 -- 结语.</subfield></datafield><datafield tag="880" ind1=" " ind2=" "><subfield code="6">520-00</subfield><subfield code="a">本书主要介绍了改革开放以来, 中国儿童文学的主体构成部分, 也就是成绩最为显著的幻想儿童文学、写实儿童小说发展情况, 同时也介绍了原创图画书和儿童诗歌的发展. 在各部分的介绍中, 主要按照时间顺序进行. 本书重点介绍了幻想儿童文学的演进, 它的主要派别--"热闹派童话"和"抒情派童话", 以及幻想小说的确立.</subfield></datafield><datafield tag="880" ind1="1" ind2=" "><subfield code="6">541-00</subfield><subfield code="c">Gift;</subfield><subfield code="a">作者朱自强;</subfield><subfield code="d">20140623.</subfield><subfield code="5">NjP</subfield></datafield><datafield tag="902" ind1=" " ind2=" "><subfield code="a">mic</subfield><subfield code="b">m</subfield><subfield code="6">a</subfield><subfield code="7">m</subfield><subfield code="d">v</subfield><subfield code="f">1</subfield><subfield code="e">20141208</subfield></datafield><datafield tag="950" ind1=" " ind2=" "><subfield code="b">2020-12-02 19:10:50 US/Eastern</subfield><subfield code="a">false</subfield></datafield><datafield tag="852" ind1="0" ind2=" "><subfield code="b">eastasian</subfield><subfield code="c">cjk</subfield><subfield code="h">PL2449</subfield><subfield code="i">.Z482 2014</subfield><subfield code="8">2240184630006421</subfield></datafield><datafield tag="952" ind1=" " ind2=" "><subfield code="d">2021-02-04 22:08:40</subfield><subfield code="8">2240184630006421</subfield><subfield code="a">2020-12-02 09:23:25</subfield><subfield code="b">East Asian Library</subfield><subfield code="c">East Asian Library</subfield><subfield code="e">false</subfield></datafield><datafield tag="852" ind1="8" ind2=" "><subfield code="b">recap</subfield><subfield code="c">xc</subfield><subfield code="h">RCPXC-8789105</subfield><subfield code="k">NR Chinese</subfield><subfield code="8">22238149700006421</subfield></datafield><datafield tag="952" ind1=" " ind2=" "><subfield code="a">2020-12-03 00:10:50</subfield><subfield code="8">22238149700006421</subfield><subfield code="b">ReCAP</subfield><subfield code="c">rcpxc RECAP Cotsen Lib.</subfield><subfield code="e">false</subfield></datafield><datafield tag="876" ind1=" " ind2=" "><subfield code="0">2240184630006421</subfield><subfield code="a">2340184620006421</subfield><subfield code="j">1</subfield><subfield code="d">2020-12-02 09:23:25</subfield><subfield code="p">32101093329421</subfield><subfield code="t">1</subfield></datafield><datafield tag="876" ind1=" " ind2=" "><subfield code="0">22238149700006421</subfield><subfield code="a">23238149670006421</subfield><subfield code="j">1</subfield><subfield code="d">2020-12-03 00:10:50</subfield><subfield code="p">32101071685646</subfield><subfield code="t">1</subfield></datafield></record>