<record><leader>00478dac##2200121#u#4500</leader><controlfield tag="001">99122238847706421</controlfield><controlfield tag="005">20201025164938.0</controlfield><controlfield tag="008">160529s########xx###### #####000#0#mul#|</controlfield><datafield tag="035" ind1=" " ind2=" "><subfield code="a">(EXLCZ)995553480200041</subfield></datafield><datafield tag="245" ind1="0" ind2="0"><subfield code="a">Gale Making of Modern Law: Legal Treatises, 1800-1926</subfield></datafield><datafield tag="300" ind1=" " ind2=" "><subfield code="a">Collection</subfield></datafield><datafield tag="300" ind1=" " ind2=" "><subfield code="a">Selective package</subfield></datafield><datafield tag="520" ind1="2" ind2=" "><subfield code="a">Laws and  legal treatises. For more information: http://www.gale.cengage.com/servlet/ItemDetailServlet?region=9&amp;imprint=000&amp;titleCode=MML&amp;type=4&amp;id=198864</subfield></datafield><datafield tag="904" ind1="0" ind2="0"><subfield code="a">(CKB)613240000000000122</subfield></datafield></record>