<record><leader>00589dac##2200121#u#4500</leader><controlfield tag="001">99122238980906421</controlfield><controlfield tag="005">20201025164939.0</controlfield><controlfield tag="008">160529s########xx###### #####000#0#mul#|</controlfield><datafield tag="035" ind1=" " ind2=" "><subfield code="a">(EXLCZ)995553440200041</subfield></datafield><datafield tag="245" ind1="0" ind2="0"><subfield code="a">Gale Eighteenth Century Collections Online II</subfield></datafield><datafield tag="300" ind1=" " ind2=" "><subfield code="a">Collection</subfield></datafield><datafield tag="300" ind1=" " ind2=" "><subfield code="a">Selective package</subfield></datafield><datafield tag="520" ind1="2" ind2=" "><subfield code="a">English-language and foreign-language title printed
in Great Britain during the eighteenth century, along with thousands of
important works from the Americas.. For more information:
http://www.gale.cengage.com/DigitalCollections/products/ecco/index.htm</subfield></datafield><datafield tag="904" ind1="0" ind2="0"><subfield code="a">(CKB)613360000000000003</subfield></datafield></record>