<record><leader>00262dac##2200097#u#4500</leader><controlfield tag="001">99122238866306421</controlfield><controlfield tag="005">20201004131235.0</controlfield><controlfield tag="008">160529s########xx###### #####000#0#mul#|</controlfield><datafield tag="035" ind1=" " ind2=" "><subfield code="a">(EXLCZ)995553562800041</subfield></datafield><datafield tag="245" ind1="0" ind2="0"><subfield code="a">Gale Cengage Shakespeare Collection Periodicals</subfield></datafield><datafield tag="300" ind1=" " ind2=" "><subfield code="a">Collection</subfield></datafield><datafield tag="300" ind1=" " ind2=" "><subfield code="a">Aggregator package</subfield></datafield></record>