<record><leader>00560dac##2200121#u#4500</leader><controlfield tag="001">99122238975906421</controlfield><controlfield tag="005">20201101095958.0</controlfield><controlfield tag="008">160529s########xx###### #####000#0#mul#|</controlfield><datafield tag="035" ind1=" " ind2=" "><subfield code="a">(EXLCZ)995553486900041</subfield></datafield><datafield tag="245" ind1="0" ind2="0"><subfield code="a">Sabin Americana: History of the Americas, 1500–1926</subfield></datafield><datafield tag="300" ind1=" " ind2=" "><subfield code="a">Collection</subfield></datafield><datafield tag="300" ind1=" " ind2=" "><subfield code="a">Aggregator package</subfield></datafield><datafield tag="520" ind1="2" ind2=" "><subfield code="a">Research material on the New World from Bibliotheca Americana: A Dictionary of Books Relating to America from Its Discovery to the Present Time. For more information: http://www.gale.cengage.com/pdf/facts/sabin.pdf

</subfield></datafield><datafield tag="904" ind1="0" ind2="0"><subfield code="a">(CKB)612470000000000038</subfield></datafield></record>