<record><leader>00590dac  2200121 u 4500</leader><controlfield tag="001">99122238858506421</controlfield><controlfield tag="005">20200903111630.0</controlfield><controlfield tag="008">160529s        xx            000 0 mul |</controlfield><datafield tag="035" ind1=" " ind2=" "><subfield code="a">(EXLCZ)995553669500041</subfield></datafield><datafield tag="245" ind1="0" ind2="0"><subfield code="a">Seventeenth and Eighteenth Century Burney Newspapers Collection</subfield></datafield><datafield tag="300" ind1=" " ind2=" "><subfield code="a">Collection</subfield></datafield><datafield tag="300" ind1=" " ind2=" "><subfield code="a">Aggregator package</subfield></datafield><datafield tag="520" ind1="2" ind2=" "><subfield code="a">17th and 18th Century Burney Collection is the largest single archive of 17th and 18th century news media available from the British Library. The original full text newspapers and pamphlets from the United Kingdom were collected by the Reverend Charles Bu</subfield></datafield><datafield tag="904" ind1="0" ind2="0"><subfield code="a">(CKB)611000000000002458</subfield></datafield></record></collection>